@MISC{RS232,
author = {{Michael R. Sweet}},
title = {Serial Programming Guide},
howpublished = {\url{http://www.easysw.com/~mike/serial/serial.html\#2_5}},
year = {2012},
note = {[Online, accessed 20-November-2012]},
owner = {chrd},
timestamp = {2012.11.20}
}
@MISC{emi,
author = {{8Devices Admin}},
title = {USB errors. Reason - WiFi?},
howpublished = {\url{http://8devices.com/community/viewtopic.php?f=5&t=161&start=20}},
year = {2012},
note = {[Online, accessed 27-November-2012]},
owner = {chrd},
timestamp = {2012.10.25}
}
@MISC{iso9241,
author = {{Technical Committee 159 ISO}},
title = {ISO 9241},
howpublished = {\url{http://www.iso.org/iso/home/store/catalogue_ics/catalogue_detail_ics.htm?csnumber=38009}},
year = {2009},
note = {[Online, accessed 9-January-2013]},
owner = {chrd},
timestamp = {2009.06.18}
}
@manual{RS-WC-201,
author = {{Redpine Signals, Inc}},
title = {RS-WC-201},
year = {2012},
month = {Oktober},
edition = {2.0},
address = {\url{http://www.redpinesignals.com/pdfs/datasheets/RS-WC-201_DataSheet_v2.00.pdf}},
}
@manual{RS-WC-301,
author = {Redpine Signals, Inc},
title = {RS-WC-301},
year = {2012},
month = {Oktober},
edition = {2.0},
address = {\url{http://www.redpinesignals.com/pdfs/datasheets/RS-WC-301_DataSheet_v2.00.pdf}},
}
@manual{SG901-1203,
author = {{Sagrad, Inc}},
title = {SG901-1203},
year = {2012},
edition = {1.1},
address = {\url{http://www.sagrad.com/index.php?option=com_docman&task=doc_download&gid=72&Itemid=102}},
}
@manual{SG901-1091,
author = {{Sagrad, Inc}},
title = {SG901-1091},
year = {2012},
edition = {2.2},
address = {\url{http://www.sagrad.com/index.php?option=com_docman&task=doc_download&gid=57&Itemid=101}},
}
@manual{SG901-1098,
author = {{Sagrad, Inc}},
title = {SG901-1098},
year = {2012},
edition = {1.5},
address = {\url{http://www.sagrad.com/index.php?option=com_docman&task=doc_download&gid=65&Itemid=70}},
}
@manual{SG901-1059B,
author = {{Sagrad, Inc}},
title = {SG901-1059B},
year = {2012},
edition = {4.6},
address = {\url{http://www.sagrad.com/index.php?option=com_docman&task=doc_download&gid=59&Itemid=102}},
}
@manual{RN171,
author = {{Roving Networks, Inc}},
title = {RN171},
year = {2012},
month = {Oktober},
edition = {2.21},
address = {\url{http://www.rovingnetworks.com/resources/download/12/RN171}},
}
@manual{WF111,
author = {{Bluegiga Technologies Oy}},
title = {WF111},
year = {2013},
month = {Mai},
edition = {1.2.2},
address = {\url{https://techforum.bluegiga.com/protectedstore/44911/20056/127/bluegiga_1766/92e4624cfebdce6f090adb21bf80b345/WF111_Datasheet.pdf}},
}
@manual{WF121,
author = {{Bluegiga Technologies Oy}},
title = {WF121},
year = {2013},
month = {Juni},
edition = {1.4.8},
address = {\url{https://techforum.bluegiga.com/protectedstore/44912/20057/127/bluegiga_1940/8565fc1e496525f9aba70544bac07096/WF121_Datasheet.pdf}},
}
@manual{PEN10010SA-01,
author = {{Lantronix\textsuperscript{\textregistered}, Inc.}},
title = {PremierWave\textsuperscript{\textregistered} EN},
year = {2011},
month = {August},
edition = {940-001c},
address = {\url{http://www.lantronix.com/pdf/PremierWave-EN_DS.pdf}},
}
@misc{Raspberry_Pi_A,
author = {{Raspberry-Pi-Stiftung}},
title = {Raspberry Pi},
year = {2013},
month = {Juli},
howpublished = {\url{http://de.wikipedia.org/wiki/Raspberry_Pi}},
note = {online, 26.Juli.2013 13.10 Uhr},
}
@misc{Tinkerforge,
author = {{Tinkerforge GmbH}},
title = {Tinkerforge},
year = {2013},
month = {Juli},
howpublished = {\url{http://www.tinkerforge.com/en/doc/Hardware/Master_Extensions/WIFI_Extension.html\#wifi-extension}},
note = {online, 26.Juli.2013 14.10 Uhr},
}
@misc{Carambola,
author = {{8Devices}},
title = {Carambola},
year = {2012},
howpublished = {\url{http://8devices.com/carambola}},
note = {online, 26.Juli.2013 16.10 Uhr},
}
@misc{Carambola_2,
author = {{8Devices}},
title = {Carambola 2},
year = {2013},
howpublished = {\url{http://8devices.com/carambola-2}},
note = {online, 26.Juli.2013 16.16 Uhr},
}
@misc{praktikum-bericht,
author = {{Alexander Voigt}},
title = {Praktikumsbericht},
year = {2013},
}
@misc{DAS,
title = {Direct Atached Storage},
year = {2013},
howpublished = {\url{http://de.wikipedia.org/wiki/Direct_Attached_Storage}},
note = {online, 29.Juli.2013 12.55 Uhr},
}
@misc{NAS,
title = {Network Atached Storage},
year = {2013},
howpublished = {\url{http://de.wikipedia.org/wiki/Network_Attached_Storage}},
note = {online, 29.Juli.2013 13.15 Uhr},
}
@misc{SAN,
title = {Storage Area Network},
year = {2013},
howpublished = {\url{https://www.bsi.bund.de/DE/Themen/ITGrundschutz/ITGrundschutzKataloge/Inhalt/_content/m/m02/m02362.html}},
note = {online, 29.Juli.2013 14.15 Uhr},
}
@manual{APXN-Q5428,
author = {{B\&B Electronics}},
title = {ArborneDirect},
year = {2013},
month = {April},
edition = {1.0},
address = {\url{http://www.bb-elec.com/Products/Manuals/ABDx_Family_User_Manual-pdf.pdf}},
}
@manual{EDI_3G-6210N,
author = {{Edimax Technology}},
title = {3G-6210n\_Manual},
year = {2009},
month = {September},
edition = {1.0},
address = {\url{http://edimax-de.eu/images/Image/products/3G-6210n/3G-6210n_Manual.pdf}},
}
@manual{MiFi_4620LE,
author = {{Novatel Wireless, Inc.}},
title = {MiFi\textsuperscript{\textregistered} 4620LE User Guide},
year = {2012},
month = {Mai},
edition = {R3},
address = {\url{http://cache.vzw.com/multimedia/mim/vzw_mifi_4620_jetpack/4620_manual.pdf}},
}
@manual{AX4,
author = {{Bluegiga Technologies Oy}},
title = {Access Server AX4},
year = {2011},
month = {Juli},
address = {\url{http://www.bluegiga.com/files/bluegiga/Pub\%20files/Access_server_AX4_product_brief_140711_lores.pdf}},
}
@manual{STBF500200,
author = {{Seagate\textsuperscript{\textregistered}}},
title = {Seagate\textsuperscript{\textregistered} GoFlex Satellite\textsuperscript{\texttrademark}},
year = {2011},
month = {Juni},
address = {\url{http://www.seagate.com/files/staticfiles/docs/pdf/datasheet/disc/goflex-satellite-data-sheet-ds1736-2-1106us.pdf}},
}
@manual{RT3050,
author = {{MediaTek Inc}},
title = {RT3050\_5x\_V2.0\_081408\_0902},
year = {2008},
month = {August},
address = {\url{http://www.tracermcc.ru/foto/bender/RT3050_5x_V2.0_081408_0902.pdf}},
}
@manual{AR9331,
author = {{Qualcomm Atheros, Inc}},
title = {AR9331 DataSheet},
year = {2010},
month = {Dezember},
address = {\url{http://see.sl088.com/w/images/6/69/AR9331.pdf}},
}
@manual{L-154A4SUREQBFZGEW,
author = {{Kingbright Elec. Co., Ltd.}},
title = {(1367289577)L-154A4SUREQBFZGEW(Ver.6A)},
year = {2013},
month = {März},
address = {\url{http://www.kingbright.com/manager/upload/pdf/(1367289577)L-154A4SUREQBFZGEW(Ver.6A).pdf}},
}
@misc{Log_structured_fs,
author = {{Wikipedia}},
title = {Log-structured file system},
year = {2013},
month = {July},
howpublished = {\url{http://en.wikipedia.org/wiki/Log-structured_file_system}},
note = {online, 20.August.2013 13.15 Uhr},
}
@phdthesis{xdelta_algorithm,
author = {Andrew Tridgell},
title = {Efficient Algorithms for Sorting and Synchronization},
school = {The Australian National University},
year = {1999},
note = {Kapitel 5.1, The xdelta algorithm}
}
@misc{rsync_man,
author = {{Samba}},
title = {rsync Manfile},
year = {2013},
month = {July},
howpublished = {\url{http://www.samba.org/ftp/rsync/rsync.html}},
note = {online, 23.August.2013 9.45 Uhr},
}
@misc{rsync_src,
author = {{Samba}},
title = {rsync Quellen},
year = {2013},
month = {August},
howpublished = {\url{http://rsync.samba.org/ftp/unpacked/rsync/}},
note = {online, 23.August.2013 10.06 Uhr},
}
@misc{Carambola-Power-Saving-Rj45,
author = {{rocksoft (8Devices Forum User)}},
title = {Power Saving Tips},
year = {2012},
month = {Juli},
howpublished = {\url{http://8devices.com/community/viewtopic.php?f=6&t=156&start=0}},
note = {online, 13.August.2013 10.18 Uhr},
}
@misc{rsync_overview,
author = {{Samba}},
title = {How Rsync Works A Practical Overview},
howpublished = {\url{http://rsync.samba.org/how-rsync-works.html}},
note = {online, 4.September.2013 12.06 Uhr},
}
@misc{carambola_spez,
author = {{8Devices}},
title = {Carambola Spezifikationen},
howpublished = {\url{http://8devices.com/carambola}},
note = {online, 9.September.2013 12.06 Uhr},
}
@misc{carambola2_spez,
author = {{8Devices}},
title = {Carambola 2 Spezifikationen},
howpublished = {\url{http://8devices.com/carambola-2}},
note = {online, 9.September.2013 12.06 Uhr},
}
@misc{pull_widerstand,
author = {{Kevin Ross}},
title = {Very Basic Circuits},
howpublished = {\url{http://www.seattlerobotics.org/encoder/mar97/basics.html}},
note = {online, 11.September.2013 13.06 Uhr},
}
@misc{deadline_lwn,
author = {{Jonathan Corbet}},
year = {2013},
month = {December},
title = {Deadline scheduling: coming soon?},
howpublished = {\url{http://lwn.net/Articles/575497/}},
note = {online, 11.06.2014 04.22 Uhr},
}
@book{BELS_2nd,
author = {{Karim Yaghmour, Jon Masters, Gilad Ben-Yossef, Philippe Gerum}},
year = {2008},
title = {Building Embedded Linux Systems, 2nd Edition},
publisher = {O’Reilly Media, Inc.},
edition = {2nd}
}
@book{UtLK_3rd,
author = {{Daniel P. Bovet, Marco Cesati}},
year = {2005},
title = {Understanding the Linux Kernel, 3rd Edition},
publisher = {O’Reilly Media, Inc.},
edition = {3rd}
}
@manual{wifly,
author = {{Roving Networks, Wireless For Less}},
year = {2011},
month = {August},
title = {RN-XV-Data Sheet},
publisher = {Roving Networks},
edition = {v0.3},
note = {Seite 4, Pin Configurations}
}
@manual{atmega,
author = {{Atmel}},
year = {2014},
month = {July},
title = {ATmega16L Data Sheet},
publisher = {Atmel},
note = {ADMUX S. 218, Pin Configurations S. 2}
}
@misc{flite_segfault,
author = {{gsenna}},
year = {2012},
month = {November},
title = {espeak to allow our router saying that email are available},
howpublished = {\url{https://forum.openwrt.org/viewtopic.php?id=40498}},
note = {online, 11.07.2014 14.25 Uhr},

