@MISC{ARM-14,
author = {{ARM Ltd}},
title = {Cortex-M4 Processor},
howpublished = {\url{http://www.arm.com/products/processors/cortex-m/cortex-m4-processor.php}},
year = {2014},
note = {[Online, accessed 10-April-2015]},
owner = {chrd},
timestamp = {2015.04.10}
}

@MISC{ST-15,
author = {{STMicroelectronics}},
title = {Discovery kit for STM32F407/417 lines - with STM32F407VG MCU},
howpublished = {\url{http://www.st.com/web/catalog/tools/FM116/SC959/SS1532/PF252419}},
year = {2015},
note = {[Online, accessed 14-March-2015]},
owner = {st},
timestamp = {2015.03.14}
}

@manual{RB-12,
author = {{Robert Boys}},
title = {STMicroelectronics: Cortexâ„¢-M4 Training STM32F407},
year = {2012},
month = {July},
edition = {1.1},
address = {\url{http://aces.shu.ac.uk/staff/engafh/STM32/Discovery_M4_LAB.pdf}},
}

@manual{EM-14,
author = {{Emcraft Systems}},
title = {Linux STM32F4 BSP (Board Support Package) Guide for the STMicroelectronics STM3240G-EVAL Board },
year = {2014},
month = {},
edition = {1.8.0},
address = {\url{http://www.emcraft.com/uCLinux/images/jdownloads/linux-STM3240G-EVAL-bspg-1.8.0.pdf}},
}

@MISC{ARM-CMSIS,
author = {{ARM Ltd}},
title = {CMSIS - Cortex Microcontroller Software Interface Standard},
howpublished = {\url{http://www.arm.com/products/processors/cortex-m/cortex-microcontroller-software-interface-standard.php?tab=Videos}},
year = {2015},
note = {[Online, accessed 10-April-2015]},
owner = {ARM},
timestamp = {2015.04.10}
}
@MISC{lwip-16,
author = {{Swedish Institute of Computer Science}},
title = {lwIP - lightweight TCP/IP},
year = {2015},
howpublished = {\url{http://savannah.nongnu.org/projects/lwip/}},
note = {[Online, accessed 11-April-2015]},
owner = {Swedish Institute of Computer Science},
timestamp = {2015.04.11}
}
